



@article{kermack1927,
  title={A contribution to the mathematical theory of epidemics},
  author={Kermack, William Ogilvy and McKendrick, Anderson G},
  journal={Proceedings of the royal society of london. Series A, Containing papers of a mathematical and physical character},
  volume={115},
  number={772},
  pages={700--721},
  year={1927},
  publisher={The Royal Society London}
}

@article{dadlani2013,
  title={Deterministic Models in Epidemiology: from Modeling to Implementation},
  author={Dadlani, Aresh},
  year={2013}
}

@article{sun2016,
  title={Pattern transitions in spatial epidemics: Mechanisms and emergent properties},
  author={Sun, Gui-Quan and Jusup, Marko and Jin, Zhen and Wang, Yi and Wang, Zhen},
  journal={Physics of life reviews},
  volume={19},
  pages={43--73},
  year={2016},
  publisher={Elsevier}
}

@article{shim2012,
  title={A game dynamic model for vaccine skeptics and vaccine believers: measles as an example},
  author={Shim, Eunha and Grefenstette, John J and Albert, Steven M and Cakouros, Brigid E and Burke, Donald S},
  journal={Journal of Theoretical Biology},
  volume={295},
  pages={194--203},
  year={2012},
  publisher={Elsevier}
}

@article{manfredi2009,
  title={Optimal vaccination choice, vaccination games, and rational exemption: an appraisal},
  author={Manfredi, Piero and Della Posta, Pompeo and d?Onofrio, Alberto and Salinelli, Ernesto and Centrone, Francesca and Meo, Claudia and Poletti, Piero},
  journal={Vaccine},
  volume={28},
  number={1},
  pages={98--109},
  year={2009},
  publisher={Elsevier}
}

@article{rusu2015,
  title={Network Models in Epidemiology: Considering Discrete and Continuous Dynamics},
  author={Rusu, Edward},
  journal={arXiv preprint arXiv:1511.01062},
  year={2015}
}

@book{earn2008,
  title={Mathematical epidemiology},
  author={Earn, DJ and Brauer, Fred and van den Driessche, Pauline and Wu, Jianhong},
  year={2008},
  publisher={Springer Berlin}
}

@article{heesterbeek2005,
  title={The law of mass-action in epidemiology: a historical perspective},
  author={Heesterbeek, Hans},
  journal={Ecological paradigms lost: routes of theory change},
  pages={81--104},
  year={2005},
  publisher={Academic}
}

@article{wilson1945a,
  title={The law of mass action in epidemiology},
  author={Wilson, Edwin B and Worcester, Jane},
  journal={Proceedings of the National Academy of Sciences of the United States of America},
  volume={31},
  number={1},
  pages={24},
  year={1945},
  publisher={National Academy of Sciences}
} 

@article{wilson1945b,
  title={The law of mass action in epidemiology: II},
  author={Wilson, Edwin B and Worcester, Jane},
  journal={Proceedings of the National Academy of Sciences of the United States of America},
  volume={31},
  number={4},
  pages={109},
  year={1945},
  publisher={National Academy of Sciences}
}

@article{keeling2005,
  title={Networks and epidemic models},
  author={Keeling, Matt J and Eames, Ken TD},
  journal={Journal of the Royal Society Interface},
  volume={2},
  number={4},
  pages={295--307},
  year={2005},
  publisher={The Royal Society London}
}

@article{meyers2005,
  title={Network theory and SARS: predicting outbreak diversity},
  author={Meyers, Lauren Ancel and Pourbohloul, Babak and Newman, Mark EJ and Skowronski, Danuta M and Brunham, Robert C},
  journal={Journal of theoretical biology},
  volume={232},
  number={1},
  pages={71--81},
  year={2005},
  publisher={Elsevier}
}

@article{bauch2004,
  title={Vaccination and the theory of games},
  author={Bauch, Chris T and Earn, David JD},
  journal={Proceedings of the National Academy of Sciences},
  volume={101},
  number={36},
  pages={13391--13394},
  year={2004},
  publisher={National Acad Sciences}
}

@article{stegehuis2016,
  title={Epidemic spreading on complex networks with community structures},
  author={Stegehuis, Clara and Van Der Hofstad, Remco and Van Leeuwaarden, Johan SH},
  journal={Scientific reports},
  volume={6},
  pages={29748},
  year={2016},
  publisher={Nature Publishing Group}
}

@article{liu2015,
  title={Epidemics in interconnected small-world networks},
  author={Liu, Meng and Li, Daqing and Qin, Pengju and Liu, Chaoran and Wang, Huijuan and Wang, Feilong},
  journal={PloS one},
  volume={10},
  number={3},
  pages={e0120701},
  year={2015},
  publisher={Public Library of Science}
}

@article{watts1998,
  title={Collective dynamics of 'small-world'networks},
  author={Watts, Duncan J and Strogatz, Steven H},
  journal={nature},
  volume={393},
  number={6684},
  pages={440},
  year={1998},
  publisher={Nature Publishing Group}
}

@article{moore2000,
  title={Epidemics and percolation in small-world networks},
  author={Moore, Cristopher and Newman, Mark EJ},
  journal={Physical Review E},
  volume={61},
  number={5},
  pages={5678},
  year={2000},
  publisher={APS}
}

@article{newman1999,
  title={Scaling and percolation in the small-world network model},
  author={Newman, Mark EJ and Watts, Duncan J},
  journal={Physical review E},
  volume={60},
  number={6},
  pages={7332},
  year={1999},
  publisher={APS}
}

@article{shi2017,
  title={Voluntary vaccination through self-organizing behaviors on locally-mixed social networks},
  author={Shi, Benyun and Qiu, Hongjun and Niu, Wenfang and Ren, Yizhi and Ding, Hong and Chen, Dan},
  journal={Scientific reports},
  volume={7},
  number={1},
  pages={2665},
  year={2017},
  publisher={Nature Publishing Group}
}

@article{tornatore2014,
  title={SIVR epidemic model with stochastic perturbation},
  author={Tornatore, Elisabetta and Vetro, Pasquale and Buccellato, Stefania Maria},
  journal={Neural Computing and Applications},
  volume={24},
  number={2},
  pages={309--315},
  year={2014},
  publisher={Springer}
}

@article{liu2012,
  title={Impact of committed individuals on vaccination behavior},
  author={Liu, Xiao-Tao and Wu, Zhi-Xi and Zhang, Lianzhong},
  journal={Physical Review E},
  volume={86},
  number={5},
  pages={051132},
  year={2012},
  publisher={APS}
}

@article{pastor2002,
  title={Immunization of complex networks},
  author={Pastor-Satorras, Romualdo and Vespignani, Alessandro},
  journal={Physical review E},
  volume={65},
  number={3},
  pages={036104},
  year={2002},
  publisher={APS}
}

@article{fu2010,
  title={Imitation dynamics of vaccination behaviour on social networks},
  author={Fu, Feng and Rosenbloom, Daniel I and Wang, Long and Nowak, Martin A},
  journal={Proceedings of the Royal Society B: Biological Sciences},
  volume={278},
  number={1702},
  pages={42--49},
  year={2010},
  publisher={The Royal Society}
}

@article{bauch2012,
  title={Evolutionary game theory and social learning can determine how vaccine scares unfold},
  author={Bauch, Chris T and Bhattacharyya, Samit},
  journal={PLoS computational biology},
  volume={8},
  number={4},
  pages={e1002452},
  year={2012},
  publisher={Public Library of Science}
}

@article{bellman1952,
  title={On the theory of dynamic programming},
  author={Bellman, Richard},
  journal={Proceedings of the National Academy of Sciences of the United States of America},
  volume={38},
  number={8},
  pages={716},
  year={1952},
  publisher={National Academy of Sciences}
}

@article{neumann2009,
  title={Emergence and pandemic potential of swine-origin H1N1 influenza virus},
  author={Neumann, Gabriele and Noda, Takeshi and Kawaoka, Yoshihiro},
  journal={Nature},
  volume={459},
  number={7249},
  pages={931},
  year={2009},
  publisher={Nature Publishing Group}
}

@article{hancock2009,
  title={Cross-reactive antibody responses to the 2009 pandemic H1N1 influenza virus},
  author={Hancock, Kathy and Veguilla, Vic and Lu, Xiuhua and Zhong, Weimin and Butler, Ebone{\'e} N and Sun, Hong and Liu, Feng and Dong, Libo and DeVos, Joshua R and Gargiullo, Paul M and others},
  journal={New England Journal of Medicine},
  volume={361},
  number={20},
  pages={1945--1952},
  year={2009},
  publisher={Mass Medical Soc}
}
@article{smith2009,
  title={Origins and evolutionary genomics of the 2009 swine-origin H1N1 influenza A epidemic},
  author={Smith, Gavin JD and Vijaykrishna, Dhanasekaran and Bahl, Justin and Lycett, Samantha J and Worobey, Michael and Pybus, Oliver G and Ma, Siu Kit and Cheung, Chung Lam and Raghwani, Jayna and Bhatt, Samir and others},
  journal={Nature},
  volume={459},
  number={7250},
  pages={1122},
  year={2009},
  publisher={Nature Publishing Group}
}